@article{r1,
  title={A new approach to linear filtering and prediction problems},
  author={Kalman, Rudolph Emil},
  number={1},
  year={1960}
}
@article{welch1995introduction,
  title={An introduction to the Kalman filter},
  author={Welch, Greg and Bishop, Gary and others},
  year={1995},
  publisher={Chapel Hill, NC, USA}
}
@article{julier2004unscented,
  title={Unscented filtering and nonlinear estimation},
  author={Julier, Simon J and Uhlmann, Jeffrey K},
  journal={Proceedings of the IEEE},
  volume={92},
  pages={401--422},
  year={2004},
  publisher={IEEE}
}
@mastersthesis{CKF,  
author={黄蔚}, 
title={CKF及鲁棒滤波在飞行器姿态估计中的应用研究}, 
school={}, 
year={2015}, 
type={博士论文}, 
month={}, 
}
